@misc{araujo_abntex2_2014,
  title = {{{abnTeX2}} - {{Modelo}} Can{\^o}nico de Trabalhos Acad{\^e}micos Em {{LaTeX}}},
  timestamp = {2017-01-08T11:42:56Z},
  publisher = {{CPAI}},
  author = {de Ara{\'u}jo, Lauro C{\'e}sar},
  year = {2014}
}

@misc{gorsky_alguns_2012,
  title = {Alguns Aspectos Epistemol{\'o}gicos Dos Conceitos de Enigma e de Surpresa},
  timestamp = {2017-01-08T11:44:30Z},
  author = {Gorsky, Samir B.},
  year = {2012}
}

@phdthesis{siqueira_logica_2008,
  address = {Bras{\'\i}lia, DF},
  type = {Disserta{\c c}{\~a}o / Dissertation},
  title = {{A l{\'o}gica e a linguagem como fundamentos da arquitetura da informa{\c c}{\~a}o}},
  language = {pt\_BR},
  timestamp = {2016-12-12T22:19:24Z},
  urldate = {2016-05-31},
  url = {http://repositorio.unb.br/handle/10482/3185},
  school = {Universidade de Bras{\'\i}lia},
  author = {de Siqueira, Andr{\'e} Henrique},
  collaborator = {Lima-Marques, Mamede},
  year = {2008},
  note = {Orientador: Mamede Lima-Marques},
  file = {Siqueira - 2008 - A logica e a linguagem como fundamentos da arquitetura da informacao.pdf:/home/bruno/.zotero/zotero/8e1jsc69.default/zotero/storage/IHXWGG2N/Siqueira - 2008 - A logica e a linguagem como fundamentos da arquitetura da informacao.pdf:application/pdf}
}

@phdthesis{gorsky_logica_2013,
  address = {Campinas},
  type = {Tese de Doutorado},
  title = {{A l{\'o}gica e a metaf{\'\i}sica dos enigmas: surpresa, espanto e informa{\c c}{\~a}o}},
  shorttitle = {{A l{\'o}gica e a metaf{\'\i}sica dos enigmas}},
  language = {por},
  timestamp = {2017-01-08T11:43:22Z},
  urldate = {2015-05-26},
  url = {http://www.bibliotecadigital.unicamp.br/document/?code=000907856},
  school = {Universidade de Campinas},
  author = {Gorsky, Samir Bezerra},
  collaborator = {Carnielli, Walter Alexandre},
  month = mar,
  year = {2013},
  note = {Orientador: Walter Alexandre Carnielli},
  file = {Gorsky - 2013 - A logica e a metafisica dos enigmas.pdf:/home/bruno/.zotero/zotero/8e1jsc69.default/zotero/storage/458F9VSZ/Gorsky - 2013 - A logica e a metafisica dos enigmas.pdf:application/pdf}
}

@phdthesis{silva_ambiguidades_2009,
  address = {Bras{\'\i}lia, DF},
  type = {Disserta{\c c}{\~a}o / Dissertation},
  title = {{Ambig{\"u}idades da l{\'\i}ngua portuguesa: recorte classificat{\'o}rio para a elabora{\c c}{\~a}o de um modelo ontol{\'o}gico}},
  shorttitle = {{Ambig{\"u}idades da l{\'\i}ngua portuguesa}},
  language = {pt\_BR},
  timestamp = {2016-12-12T22:39:47Z},
  urldate = {2016-05-31},
  url = {http://repositorio.unb.br/handle/10482/2188},
  school = {Universidade de Bras{\'\i}lia},
  author = {da Silva, L{\'u}cio Buzon},
  collaborator = {Lima-Marques, Mamede},
  month = nov,
  year = {2009},
  note = {Orientador: Mamede Lima-Marques},
  file = {Silva - 2009 - Ambiguidades da lingua portuguesa.pdf:/home/bruno/.zotero/zotero/8e1jsc69.default/zotero/storage/56Z39TUX/Silva - 2009 - Ambiguidades da lingua portuguesa.pdf:application/pdf}
}

@inproceedings{pereira_junior_phenomenological_2012,
  address = {Madrid},
  title = {A Phenomenological Architecture of Information Approach to Online Education},
  timestamp = {2017-01-08T11:44:05Z},
  booktitle = {5th {{International Conference}} of {{Education}}, {{Research}} and {{Innovation}} - {{ICERI}} 2012},
  author = {Pereira J{\'u}nior, Romualdo Alves and Oliveira Junior, D. A. and Seimetz, E. M. and Lima-Marques, Mamede},
  year = {2012}
}

@misc{araujo_applications_2014,
  title = {Applications of {{Modal Logic Programming}} in {{Architecture}} of {{Information}}},
  timestamp = {2017-01-08T11:43:04Z},
  author = {Ara{\'u}jo, Lauro C{\'e}sar and Gorsky, Samir B. and Costa, Ismael M. and Nicoloa, J. R. M.},
  year = {2014}
}

@article{choas_arquitetura_2012,
  title = {{Arquitetura da informa{\c c}{\~a}o para integra{\c c}{\~a}o de dados alfanum{\'e}ricos e espaciais para apoio {\`a} tomada de decis{\~a}o}},
  volume = {1},
  issn = {1808-0936},
  language = {pt},
  timestamp = {2017-01-08T11:44:37Z},
  number = {64},
  urldate = {2015-04-24},
  url = {http://www.lsie.unb.br/rbc/index.php?journal=rbc\&page=article\&op=view\&path\%5B\%5D=461},
  journal = {Revista Brasileira de Cartografia},
  author = {de Choas, Mona Lisa Lobo and Rosa, Antonio Nuno de Castro Santa and Lima-Marques, Mamede and Roig, Henrique Llacer},
  month = oct,
  year = {2012},
  pages = {103--111},
  file = {Choas et al - 2012 - Arquitetura da informacao para integracao de dados alfanumericos e espaciais.pdf:/home/bruno/.zotero/zotero/8e1jsc69.default/zotero/storage/NG573EHB/Choas et al - 2012 - Arquitetura da informacao para integracao de dados alfanumericos e espaciais.pdf:application/pdf}
}

@phdthesis{lacerda_arquitetura_2016,
  address = {Bras{\'\i}lia, DF},
  type = {Tese / Thesis},
  title = {{Arquitetura da Informa{\c c}{\~a}o Pervasiva: projetos de ecossistemas de informa{\c c}{\~a}o na internet das coisas}},
  shorttitle = {{Arquitetura da Informa{\c c}{\~a}o Pervasiva}},
  language = {por},
  timestamp = {2016-12-12T22:30:21Z},
  urldate = {2016-05-31},
  url = {http://repositorio.unb.br/handle/10482/19646},
  school = {Universidade de Bras{\'\i}lia},
  author = {Lacerda, Fl{\'a}via},
  collaborator = {Lima-Marques, Mamede},
  month = mar,
  year = {2016},
  note = {Orientador: Mamede Lima-Marques},
  file = {Lacerda - 2016 - Arquitetura da Informacao Pervasiva.pdf:/home/bruno/.zotero/zotero/8e1jsc69.default/zotero/storage/UVTHHVJJ/Lacerda - 2016 - Arquitetura da Informacao Pervasiva.pdf:application/pdf}
}

@phdthesis{siqueira_arquitetura_2012,
  address = {Bras{\'\i}lia, DF},
  type = {Doutorado},
  title = {{Arquitetura da informa{\c c}{\~a}o: uma proposta para fundamenta{\c c}{\~a}o e caracteriza{\c c}{\~a}o da disciplina cient{\'\i}fica}},
  language = {por},
  timestamp = {2016-12-12T22:19:10Z},
  url = {http://repositorio.unb.br/handle/10482/12157},
  school = {Universidade de Bras{\'\i}lia, Faculdade de Ci{\^e}ncia da Informa{\c c}{\~a}o},
  author = {Siqueira, Andr{\'e} Henrique},
  collaborator = {Lima-Marques, Mamede},
  month = aug,
  year = {2012},
  note = {Orientador: Mamede Lima-Marques},
  keywords = {Arquitetura da informação,Ciência da informação,Teoria do Conhecimento},
  file = {Siqueira - 2012 - Arquitetura da informacao.pdf:/home/bruno/.zotero/zotero/8e1jsc69.default/zotero/storage/XHU4RN3V/Siqueira - 2012 - Arquitetura da informacao.pdf:application/pdf}
}

@phdthesis{lorens_aspectos_2009,
  address = {Bras{\'\i}lia, DF},
  type = {Disserta{\c c}{\~a}o / Dissertation},
  title = {{Aspectos normativos da seguran{\c c}a da informa{\c c}{\~a}o: um modelo de cadeia de regulamenta{\c c}{\~a}o}},
  shorttitle = {{Aspectos normativos da seguran{\c c}a da informa{\c c}{\~a}o}},
  language = {pt\_BR},
  timestamp = {2016-12-12T22:32:47Z},
  urldate = {2016-05-31},
  url = {http://repositorio.unb.br/handle/10482/2494},
  school = {Universidade de Bras{\'\i}lia},
  author = {Lorens, Evandro M{\'a}rio},
  collaborator = {Lima-Marques, Mamede},
  month = jul,
  year = {2009},
  note = {Orientador: Mamede Lima-Marques},
  file = {Lorens - 2009 - Aspectos normativos da seguranca da informacao.pdf:/home/bruno/.zotero/zotero/8e1jsc69.default/zotero/storage/JHPJWIJN/Lorens - 2009 - Aspectos normativos da seguranca da informacao.pdf:application/pdf}
}

@phdthesis{oliveira_autoria_2010,
  address = {Bras{\'\i}lia, DF},
  type = {Tese (Doutorado em Ci{\^e}ncia da Informa{\c c}{\~a}o)},
  title = {{Autoria de documentos para a web sem{\^a}ntica: um ambiente de produ{\c c}{\~a}o de conhecimento baseado em ontologias}},
  shorttitle = {{Autoria de documentos para a Web Sem{\^a}ntica}},
  language = {por},
  timestamp = {2016-12-12T22:36:55Z},
  urldate = {2015-11-10},
  url = {http://repositorio.unb.br/handle/10482/4794},
  school = {Universidade de Bras{\'\i}lia, Faculdade de Ci{\^e}ncia da Informa{\c c}{\~a}o},
  author = {Oliveira, Edgard Costa},
  collaborator = {Lima-Marques, Mamede},
  month = may,
  year = {2010},
  note = {Orientador: Mamede Lima-Marques},
  file = {Oliveira - 2010 - Autoria de documentos para a web semantica.pdf:/home/bruno/.zotero/zotero/8e1jsc69.default/zotero/storage/GZIVKGSA/Oliveira - 2010 - Autoria de documentos para a web semantica.pdf:application/pdf}
}

@misc{pereira_junior_business_2012,
  title = {Business {{Intelligence}} Para Sistemas de Aeronavega{\c c}{\~a}o},
  timestamp = {2017-01-08T11:43:58Z},
  author = {Pereira J{\'u}nior, Romualdo Alves},
  year = {2012}
}

@phdthesis{cavalcante_ciencia_2011,
  address = {Bras{\'\i}lia, DF},
  type = {Tese / Thesis},
  title = {{Ci{\^e}ncia das redes: aspectos epistemol{\'o}gicos}},
  shorttitle = {{Ci{\^e}ncia das redes}},
  language = {por},
  timestamp = {2016-12-12T22:20:46Z},
  urldate = {2016-05-31},
  url = {http://repositorio.unb.br/handle/10482/7452},
  school = {Universidade de Bras{\'\i}lia},
  author = {Cavalcante, Gustavo Vasconcellos},
  collaborator = {Lima-Marques, Mamede},
  month = apr,
  year = {2011},
  note = {Orientador: Mamede Lima-Marques},
  file = {Cavalcante - 2011 - Ciencia das redes.pdf:/home/bruno/.zotero/zotero/8e1jsc69.default/zotero/storage/8JW9JVPZ/Cavalcante - 2011 - Ciencia das redes.pdf:application/pdf}
}

@inproceedings{lima-marques_ciencia_2014,
  title = {Ci{\^e}ncia e Inova{\c c}{\~a}o Tecnol{\'o}gica: Caminhos Para a Modernidade},
  timestamp = {2016-12-12T22:32:13Z},
  booktitle = {Tecnologias {{Aplicadas}} Nas {{Atividades Fundamentais}} No {{Estado}}},
  author = {Lima-Marques, Mamede},
  year = {2014}
}

@misc{gorsky_comentarios_2013,
  title = {Coment{\'a}rios Sobre a L{\'o}gica e a Metaf{\'\i}sica Dos Enigmas: Surpresa, Espanto e Informa{\c c}{\~a}o},
  timestamp = {2017-01-08T11:43:25Z},
  author = {Gorsky, Samir B.},
  year = {2013}
}

@inproceedings{francisco_compression_2011,
  title = {Compression of Touchless Multiview Fingerprints},
  isbn = {978-1-4577-0765-0},
  shorttitle = {Compression of Touchless Multiview Fingerprints},
  doi = {10.1109/BIOMS.2011.6052380},
  language = {en},
  timestamp = {2017-01-08T11:45:06Z},
  urldate = {2016-05-31},
  url = {http://ieeexplore.ieee.org/lpdocs/epic03/wrapper.htm?arnumber=6052380},
  booktitle = {Workshop on {{Biometric Measurements}} and {{Systems}} for {{Security}} and {{Medical Applications}}},
  publisher = {{IEEE}},
  author = {Francisco, Nelson C. and Zaghetto, Alexandre and Macchiavello, Bruno and {da Silva}, Eduardo A. B. and Lima-Marques, Mamede and Rodrigues, Nuno M. M. and {de Faria}, Sergio M. M.},
  month = sep,
  year = {2011},
  pages = {1--5}
}

@unpublished{araujo_configuracao_2013,
  address = {Revista {\'I}bero-Americana de Ci{\^e}ncia da Informa{\c c}{\~a}o},
  title = {{Configura{\c c}{\~a}o da informa{\c c}{\~a}o?}},
  language = {pt},
  timestamp = {2017-01-08T11:43:41Z},
  author = {Ara{\'u}jo, Lauro C{\'e}sar and Lima-Marques, Mamede},
  year = {2013}
}

@phdthesis{Araujo2012,
  address = {Bras{\'I}lia, DF},
  type = {Mestrado},
  title = {{Configura{\c c}{\~a}o: uma perspectiva de Arquitetura da Informa{\c c}{\~a}o da Escola de Bras{\'\i}lia}},
  shorttitle = {{Configura{\c c}{\~a}o}},
  language = {pt},
  timestamp = {2016-12-12T22:11:28Z},
  url = {http://repositorio.unb.br/handle/10482/10450},
  school = {Universidade de Bras{\'\i}lia, Faculdade de Ci{\^e}ncia da Informa{\c c}{\~a}o},
  author = {Araujo, Lauro C.},
  collaborator = {Lima-Marques, Mamede},
  month = mar,
  year = {2012},
  note = {Orientador: Mamede Lima-Marques},
  keywords = {Arquitetura,Arquitetura da informação,configuração,da,funções de gerência de configuração,gerência de configuração,informação,teoria geral da arquitetura da informação},
  file = {Araujo - 2012 - Configuracao.pdf:/home/bruno/.zotero/zotero/8e1jsc69.default/zotero/storage/WNMH7TS6/Araujo - 2012 - Configuracao.pdf:application/pdf}
}

@inproceedings{fernandes_consideracoes_2013,
  address = {Porto, Portugal},
  title = {Considera{\c c}{\~o}es Sobre a Abrang{\^e}ncia Disciplinar Da {{Ci{\^e}ncia}} Da {{Informa{\c c}{\~a}o}}},
  timestamp = {2017-01-08T11:43:37Z},
  booktitle = {Congresso {{ISKO}}/{{Porto}}},
  author = {Fernandes, Gilberto L. and Lima-Marques, Mamede},
  year = {2013}
}

@article{pereira_junior_construcao_2012,
  title = {{Constru{\c c}{\~a}o de ontologias de alto-n{\'\i}vel para uma arquitetura gen{\'e}tica da informa{\c c}{\~a}o}},
  issn = {1808-0936},
  language = {pt},
  timestamp = {2017-01-08T11:43:55Z},
  journal = {Revista Ibero-Americana de Ci{\^e}ncia da Informa{\c c}{\~a}o},
  author = {Pereira J{\'u}nior, Romualdo Alves},
  year = {2012},
  pages = {1--26}
}

@article{cavalcante_contribuicoes_2011,
  title = {Contribui{\c c}{\~o}es Da Ci{\^e}ncia Da Informa{\c c}{\~a}o Para a Ci{\^e}ncia Das Redes},
  volume = {1},
  issn = {1983-5213},
  timestamp = {2017-01-08T11:45:20Z},
  number = {2},
  url = {http://periodicos.unb.br/index.php/RICI/article/view/810},
  journal = {Revista Ibero-Americana de Ci{\^e}ncia da Informa{\c c}{\~a}o},
  author = {Cavalcante, Gustavo Vasconcellos and Lima-Marques, Mamede},
  month = apr,
  year = {2011},
  file = {Cavalcante\; Lima-Marques - 2011 - Contribuicoes da ciencia da informacao para a ciencia das redes.pdf:/home/bruno/.zotero/zotero/8e1jsc69.default/zotero/storage/TA6WDBMQ/Cavalcante\; Lima-Marques - 2011 - Contribuicoes da ciencia da informacao para a ciencia das redes.pdf:application/pdf;Contribuições da ciência da informação para a ciência das redes | Cavalcante | Revista Ibero-Americana de Ciência da Informação:/home/bruno/.zotero/zotero/8e1jsc69.default/zotero/storage/67EPEQ73/2355.html:text/html}
}

@article{lacerda_da_2015,
  title = {{Da necessidade de princ{\'\i}pios de Arquitetura da Informa{\c c}{\~a}o para a Internet das Coisas}},
  volume = {20},
  copyright = {Direitos autorais 2015 Perspectivas em Ci{\^e}ncia da Informa{\c c}{\~a}o},
  issn = {19815344},
  language = {pt},
  timestamp = {2017-01-08T11:40:35Z},
  number = {2},
  urldate = {2016-05-31},
  url = {http://portaldeperiodicos.eci.ufmg.br/index.php/pci/article/view/2356},
  journal = {Perspectivas em Ci{\^e}ncia da Informa{\c c}{\~a}o},
  author = {Lacerda, Flavia and Lima-Marques, Mamede},
  month = jun,
  year = {2015},
  keywords = {Arquitetura da Informação Pervasiva,Ecossistemas de informação,Internet das Coisas},
  pages = {158--171},
  file = {Lacerda\; Lima-Marques - 2015 - Da necessidade de principios de Arquitetura da Informacao para a Internet das.pdf:/home/bruno/.zotero/zotero/8e1jsc69.default/zotero/storage/D4B5UECM/Lacerda\; Lima-Marques - 2015 - Da necessidade de principios de Arquitetura da Informacao para a Internet das.pdf:application/pdf}
}

@phdthesis{passos_design_2014,
  address = {Portugal},
  type = {Doutorado em Desenho Industrial},
  title = {{Design da informa{\c c}{\~a}o}},
  language = {pt},
  timestamp = {2016-12-12T22:37:15Z},
  school = {Universidade de Aveiro},
  author = {Passos, Ravi},
  collaborator = {Lima-Marques, Mamede},
  year = {2014},
  note = {Orientador: Mamede Lima-Marques}
}

@phdthesis{albuquerque_discurso_2011,
  address = {Bras{\'\i}lia, DF},
  type = {Tese (Doutorado em Ci{\^e}cia da Informa{\c c}{\~a}o)},
  title = {{Discurso sobre fundamentos de arquitetura da informa{\c c}{\~a}o}},
  language = {por},
  timestamp = {2016-12-12T22:12:32Z},
  urldate = {2015-09-06},
  url = {http://repositorio.unb.br/handle/10482/7110},
  school = {Universidade de Bras{\'\i}lia, Faculdade de Ci{\^e}ncia da Informa{\c c}{\~a}o},
  author = {de Albuquerque, Alfram Roberto Rodrigues},
  collaborator = {Lima-Marques, Mamede},
  month = mar,
  year = {2011},
  note = {Orientador: Mamede Lima-Marques},
  file = {Albuquerque - 2011 - Discurso sobre fundamentos de arquitetura da informacao.pdf:/home/bruno/.zotero/zotero/8e1jsc69.default/zotero/storage/PNCPQHFU/Albuquerque - 2011 - Discurso sobre fundamentos de arquitetura da informacao.pdf:application/pdf}
}

@unpublished{fernandes_em_2013,
  address = {Revista {\'I}bero-Americana de Ci{\^e}ncia da Informa{\c c}{\~a}o},
  title = {Em Busca de Um Modelo Fenomenol{\'o}gico Do Mecanismo de Apreens{\~a}o Humana},
  timestamp = {2017-01-08T11:43:34Z},
  author = {Fernandes, Gilberto L. and Lima-Marques, Mamede},
  year = {2013}
}

@article{azevedo_em_2012,
  title = {{Em dire{\c c}{\~a}o a uma Arquitetura da Informa{\c c}{\~a}o para sistemas de escolha social}},
  volume = {5},
  issn = {1983-5213},
  language = {Portugu{\^e}s},
  timestamp = {2017-01-08T11:44:45Z},
  journal = {Revista Ibero-Americana de Ci{\^e}ncia da Informa{\c c}{\~a}o},
  author = {Azevedo, Rafael Fernandes de Barros Costa and Lima-Marques, Mamede},
  year = {2012},
  pages = {1--26}
}

@phdthesis{junior_fatores_2014,
  address = {Bras{\'\i}lia},
  type = {Monografia de Aperfei{\c c}oamento/Especializa{\c c}{\~a}o em Engenharia de Software - P{\'o}s Gradua{\c c}{\~a}o},
  title = {Fatores Cr{\'\i}ticos Para a Forma{\c c}{\~a}o de Times Auto-Organizados},
  timestamp = {2017-01-08T11:41:57Z},
  school = {Funda{\c c}{\~a}o Universa},
  author = {Junior, Osvaldo Bastista de Castro},
  collaborator = {de Siqueira, Andr{\'e} Henrique},
  year = {2014},
  note = {Orientador: Andr{\'e} Henrique de Siqueira}
}

@misc{pereira_junior_filosofia_2014,
  title = {Filosofia, Ci{\^e}ncia e Pr{\'a}xis Da {{Internet}} Das {{Coisas}}},
  timestamp = {2017-01-08T11:41:11Z},
  author = {Pereira J{\'u}nior, Romualdo Alves},
  year = {2014}
}

@incollection{lima-marques_formal_2016,
  address = {Paris},
  edition = {1},
  title = {Formal Aspects of {{Architecture}} of {{Information}}},
  language = {en},
  timestamp = {2017-01-08T11:38:26Z},
  booktitle = {Logical Reasoning and Computation: Essays Dedicated to {{Luis Fari{\~n}as Del Cerro}}},
  author = {Lima-Marques, Mamede and Carnielli, Walter Alexandre},
  editor = {Cabalar, Pedro and Di{\'e}guez, Mart{\'\i}n and Herzig, Andreas and Pearce, David},
  month = mar,
  year = {2016},
  pages = {33--42},
  file = {Lima-Marques\; Carnielli - 2016 - Formal aspects of Architecture of Information.pdf:/home/bruno/.zotero/zotero/8e1jsc69.default/zotero/storage/UB9A83GK/Lima-Marques\; Carnielli - 2016 - Formal aspects of Architecture of Information.pdf:application/pdf}
}

@article{souza_fotografia:_2016,
  title = {{Fotografia: constru{\c c}{\~a}o de significado e arquitetura da informa{\c c}{\~a}o}},
  volume = {0},
  copyright = {Autores que publicam nesta revista:    Declaram-se autorizados pelos direitos de divulga{\c c}{\~a}o do material publicado, incluindo textos e imagens.  Declaram-se detentores dos direitos autorais do material por eles assinado.  Concedem {\`a} Revista Photo \&amp; Documento o direito de publica{\c c}{\~a}o e ampla difus{\~a}o, sob uma licen{\c c}a  Creative Commons BY-NC-ND 4.0 Internacional ,~que permite o compartilhamento do trabalho, sem finalidades comerciais e sem altera{\c c}{\~o}es.  T{\^e}m autoriza{\c c}{\~a}o para assumir contratos adicionais separadamente, inclusive comerciais, para distribui{\c c}{\~a}o n{\~a}o-exclusiva da vers{\~a}o do trabalho publicada nesta revista, desde que haja o reconhecimento da publica{\c c}{\~a}o anterior nesta revista, que continua a ter amplos direitos de uso e divulga{\c c}{\~a}o do material, nos termos da mencionada licen{\c c}a CC-BY-NC-ND 4.0, sem quaisquer {\^o}nus.  Comprometem-se a mencionar a publica{\c c}{\~a}o nesta revista, como fonte de refer{\^e}ncia original, em qualquer divulga{\c c}{\~a}o futura do trabalho.  Comprometem-se a mencionar a publica{\c c}{\~a}o nesta revista, como fonte de refer{\^e}ncia original, em eventuais adapta{\c c}{\~o}es e aprimoramentos futuros do trabalho.  T{\^e}m permiss{\~a}o e s{\~a}o estimulados a publicar e distribuir livremente c{\'o}pias de seu trabalho, indicando sempre a publica{\c c}{\~a}o nesta revista como fonte de refer{\^e}ncia original.     Mant{\^e}m, em qualquer hip{\'o}tese, seus direitos autorais inalien{\'a}veis.},
  issn = {2248-1947},
  shorttitle = {{Fotografia}},
  language = {pt},
  timestamp = {2017-01-08T11:38:21Z},
  number = {1},
  urldate = {2016-04-24},
  url = {http://gpaf.info/photoarch/index.php?journal=phd\&page=article\&op=view\&path=18},
  journal = {Revista Photo \& Documento},
  author = {Souza, Bruno Carvalho Castro and Lima-Marques, Mamede},
  month = apr,
  year = {2016},
  pages = {1--13},
  file = {Souza\; Lima-Marques - 2016 - Fotografia.pdf:/home/bruno/.zotero/zotero/8e1jsc69.default/zotero/storage/DRM6SPQR/Souza\; Lima-Marques - 2016 - Fotografia.pdf:application/pdf}
}

@inproceedings{pereira_junior_improving_2012,
  address = {Stockholm},
  title = {Improving Satellite Data Archiving Facility for Environmental {{R}}\&{{D}} Purposes Based on Architecture of Information Approach},
  timestamp = {2017-01-08T11:44:02Z},
  booktitle = {The 12th {{International Conference}} on {{Space Operations}} - {{SpaceOps}} 2012 - {{Proceedings}} of {{SpaceOps}} 2012},
  author = {Pereira J{\'u}nior, Romualdo Alves and dos Santos, Marcos Aurelio Ferreira and Lima-Marques, Mamede},
  year = {2012}
}

@incollection{macedo_information_2014,
  address = {Switzerland},
  series = {Human-Computer Interaction},
  title = {Information {{Architecture}} as a Discipline},
  isbn = {978-3-319-06492-5},
  language = {English},
  timestamp = {2017-01-08T11:41:42Z},
  url = {http://www.springer.com/gp/book/9783319064918},
  booktitle = {Reframing {{Information Architecture}}},
  publisher = {{Springer International Publishing}},
  author = {de Macedo, Fl{\'a}via Lacerta Oliveira and Lima-Marques, Mamede},
  editor = {Resmini, Andrea},
  year = {2014},
  keywords = {Arquitetura da informação}
}

@article{roig_information_2012,
  title = {Information Architecture for Integration Spatial and Alphanumeric Data to Support Decision Making},
  volume = {64},
  timestamp = {2017-01-08T11:43:46Z},
  number = {1},
  urldate = {2016-05-31},
  url = {https://www.researchgate.net/publication/260422950_Information_Architecture_for_Integration_Spatial_and_Alphanumeric_Data_to_Support_Decision_Making},
  journal = {ResearchGate},
  author = {Roig, Henrique and Choas, Mona Lisa Lobo de Souza and Rosa, Antonio Nuno de Castro Santa and Lima-Marques, Mamede},
  month = jan,
  year = {2012},
  pages = {103--111},
  file = {Roig et al - 2012 - Information architecture for integration spatial and alphanumeric data to.pdf:/home/bruno/.zotero/zotero/8e1jsc69.default/zotero/storage/5NKEKCXN/Roig et al - 2012 - Information architecture for integration spatial and alphanumeric data to.pdf:application/pdf}
}

@misc{araujo_latex_2012,
  type = {Curso de curta dura{\c c}{\~a}o ministrado},
  title = {{{LaTeX Avan{\c c}ado}} - {{Template ABNT}} Para {{Teses}} e {{Disserta{\c c}{\~o}es}}},
  timestamp = {2017-01-08T11:44:49Z},
  author = {de Ara{\'u}jo, Lauro C{\'e}sar},
  year = {2012}
}

@misc{araujo_lexml:_2014,
  title = {{{LexML}}: Aplica{\c c}{\~o}es de Estudos e Pesquisa No {{Poder Legislativo}}},
  timestamp = {2017-01-08T11:43:00Z},
  author = {Ara{\'u}jo, Lauro C{\'e}sar and Nicola, J. R. M.},
  year = {2014}
}

@misc{pereira_junior_member_2012,
  title = {Member of the {{International Advisory Board}} of {{INTED}} 2012},
  timestamp = {2017-01-08T11:43:51Z},
  author = {Pereira J{\'u}nior, Romualdo Alves},
  year = {2012}
}

@patent{zaguetto_midas_2015,
  address = {Bras{\'\i}lia},
  title = {{Midas}},
  nationality = {Brasil},
  language = {pt},
  assignee = {Funda{\c c}{\~a}o Universidade de Bras{\'\i}lia},
  timestamp = {2017-01-08T11:38:46Z},
  number = {12732-1},
  author = {Zaguetto, Alexandre and Espinoza, Bruno Luiggi Macchiavello and Lima-Marques, Mamede},
  month = apr,
  year = {2015},
  note = {Linguagem: C\#
Campo de Aplica{\c c}{\~a}o: AH-05; AN-02;
SV-01
Tipo de Programa: TC-04},
  pages = {164}
}

@phdthesis{albuquerque_modelo_2014,
  address = {Bras{\'\i}lia},
  type = {Disserta{\c c}{\~a}o (Mestrado em Ci{\^e}ncia da Informa{\c c}{\~a}o)},
  title = {{Modelo de framework de Arquitetura da Informa{\c c}{\~a}o baseado em roteiros}},
  language = {pt},
  timestamp = {2016-12-12T22:46:04Z},
  url = {http://repositorio.unb.br/handle/10482/16070},
  school = {Universidade de Bras{\'\i}lia},
  author = {de Albuquerque, Fernando Antonio Ara{\'u}jo Chacon},
  collaborator = {Lima-Marques, Mamede},
  year = {2014},
  note = {Orientador: Mamede Lima-Marques},
  file = {Albuquerque - 2014 - Modelo de framework de Arquitetura da Informacao baseado em roteiros.pdf:/home/bruno/.zotero/zotero/8e1jsc69.default/zotero/storage/S28DNT3N/Albuquerque - 2014 - Modelo de framework de Arquitetura da Informacao baseado em roteiros.pdf:application/pdf}
}

@phdthesis{ferreira_modelo_2014,
  address = {Bras{\'I}lia, DF},
  type = {Disserta{\c c}{\~a}o (Mestrado em Ci{\^e}ncia da Informa{\c c}{\~a}o)},
  title = {{Modelo para condu{\c c}{\~a}o de mapeamento de processo organizacional: uma abordagem BPM com base no MAIA}},
  shorttitle = {{Modelo para condu{\c c}{\~a}o de mapeamento de processo organizacional}},
  language = {por},
  timestamp = {2016-12-12T22:27:56Z},
  urldate = {2015-11-10},
  url = {http://repositorio.unb.br/handle/10482/15269},
  school = {Universidade de Bras{\'\i}lia, Faculdade de Ci{\^e}ncia da Informa{\c c}{\~a}o},
  author = {Ferreira, Elisabeth de Ara{\'u}jo},
  collaborator = {Lima-Marques, Mamede},
  month = feb,
  year = {2014},
  note = {Orientador: Mamede Lima-Marques},
  file = {Ferreira - 2014 - Modelo para conducao de mapeamento de processo organizacional.pdf:/home/bruno/.zotero/zotero/8e1jsc69.default/zotero/storage/ISTEXFIC/Ferreira - 2014 - Modelo para conducao de mapeamento de processo organizacional.pdf:application/pdf}
}

@misc{gorsky_molog_2012,
  type = {Curso de curta dura{\c c}{\~a}o ministrado},
  title = {{{MOLOG Programa{\c c}{\~a}o}} Em {{L{\'o}gicas Modais}}},
  timestamp = {2017-01-08T11:44:21Z},
  author = {Gorsky, Samir Bezerra},
  year = {2012}
}

@phdthesis{braga_o_2014,
  address = {Bras{\'\i}lia},
  type = {Monografia de Aperfei{\c c}oamento/Especializa{\c c}{\~a}o em Engenharia de Software - P{\'o}s Gradua{\c c}{\~a}o},
  title = {O Conhecimento Acumulado Durante o Processo {\'A}gil de Desenvolvimento de Software Baseado Em Historia de Usu{\'a}rio},
  timestamp = {2017-01-08T11:42:44Z},
  school = {Funda{\c c}{\~a}o Universa},
  author = {Braga, Zama Bandeira},
  collaborator = {de Siqueira, Andr{\'e} Henrique},
  year = {2014},
  note = {Orientador: Andr{\'e} Henrique de Siqueira}
}

@misc{gorsky_surprise_2012,
  title = {On Surprise, Bewilderment and Information},
  timestamp = {2017-01-08T11:44:26Z},
  author = {Gorsky, Samir B.},
  year = {2012}
}

@misc{manini_ontologias:_2007,
  address = {Salvador, BA},
  type = {Trabalho / Paper},
  title = {{Ontologias: indexa{\c c}{\~a}o e recupera{\c c}{\~a}o de fotografias baseadas na t{\'e}cnica fotogr{\'a}fica e no conte{\'u}do da imagem}},
  shorttitle = {{Ontologias}},
  language = {por},
  timestamp = {2017-01-08T11:45:55Z},
  urldate = {2015-09-06},
  url = {http://repositorio.unb.br/handle/10482/1013},
  author = {Manini, Miriam Paula and Lima-Marques, Mamede and Miranda, Alex Sandro Santos},
  month = oct,
  year = {2007}
}

@misc{araujo_ontoprolog:_2014,
  type = {Apresenta{\c c}{\~a}o},
  title = {Ontoprolog: Uma {{Ferramenta Multimodal}} Para {{Descri{\c c}{\~a}o}} de {{Ontologias}}},
  timestamp = {2017-01-08T11:42:51Z},
  author = {de Ara{\'u}jo, Lauro C{\'e}sar},
  year = {2014}
}

@misc{gorsky_o_2012,
  title = {O Problema Da Omiss{\~a}o Ou Aus{\^e}ncia de Dados No Processo de Pesquisa Cient{\'\i}fica},
  timestamp = {2017-01-08T11:44:24Z},
  author = {Gorsky, Samir B.},
  year = {2012}
}

@incollection{lima-marques_outline_2011,
  address = {London},
  title = {Outline of a Theoretical Framework of {{Architecture}} of {{Information}}: A {{School}} of {{Brasilia}} Proposal},
  isbn = {1-84890-055-4},
  language = {en},
  timestamp = {2017-01-08T11:44:56Z},
  booktitle = {Logic without {{Frontiers}}. {{Festschrift}} for {{Walter Alexandre Carnielli}} on the {{Occasion}} of {{His}} 60th {{Birthday}}},
  publisher = {{College Publications}},
  author = {Lima-Marques, Mamede},
  editor = {Beziau, Jean-Yves and Coniglio, Marcelo Esteban},
  year = {2011},
  file = {Lima-Marques - 2011 - Outline of a theoretical framework of Architecture of Information.pdf:/home/bruno/.zotero/zotero/8e1jsc69.default/zotero/storage/739EBCGH/Lima-Marques - 2011 - Outline of a theoretical framework of Architecture of Information.pdf:application/pdf}
}

@misc{gorsky_paraconsistent_2014,
  title = {Paraconsistent Algebra of Sets, Information and the {{Bar}}-{{Hillel}}-{{Carnap Paradox}}},
  timestamp = {2017-01-08T11:42:02Z},
  author = {Gorsky, Samir B. and Carnielli, Walter A.},
  year = {2014}
}

@phdthesis{machado_planejamento_2014,
  address = {Bras{\'\i}lia},
  type = {Monografia de Aperfei{\c c}oamento/Especializa{\c c}{\~a}o em Engenharia de Software - P{\'o}s Gradua{\c c}{\~a}o},
  title = {Planejamento Da {{TI}} Governamental: Uma Proposta de {{PDTI}} Para o {{Instituto}} Do {{Patrim{\^o}nio Hist{\'o}rico}} e {{Art{\'\i}stico Nacional}}},
  timestamp = {2017-01-08T11:41:39Z},
  school = {Funda{\c c}{\~a}o Universa},
  author = {Machado, Carlos Augusto Pessoa},
  collaborator = {de Siqueira, Andr{\'e} Henrique},
  year = {2014}
}

@misc{pereira_junior_projeto_2012,
  title = {Projeto {{AEB Escola Virtual}}},
  timestamp = {2017-01-08T11:44:11Z},
  author = {Pereira J{\'u}nior, Romualdo A.},
  year = {2012}
}

@phdthesis{fernandes_proposta_2014,
  address = {Bras{\'\i}lia, DF},
  type = {Disserta{\c c}{\~a}o (Mestrado em Ci{\^e}ncia da Informa{\c c}{\~a}o)},
  title = {{Proposta de fundamenta{\c c}{\~a}o te{\'o}rica para o problema do entendimento humano}},
  language = {pt},
  timestamp = {2016-12-12T22:27:42Z},
  urldate = {2015-11-10},
  url = {http://repositorio.unb.br/handle/10482/17570},
  school = {Universidade de Bras{\'\i}lia, Faculdade de Ci{\^e}ncia da Informa{\c c}{\~a}o},
  author = {Fernandes, Gilberto Louren{\c c}o},
  collaborator = {Lima-Marques, Mamede},
  year = {2014},
  note = {Orientador: Mamede Lima-Marques},
  file = {Fernandes - 2014 - Proposta de fundamentacao teorica para o problema do entendimento humano.pdf:/home/bruno/.zotero/zotero/8e1jsc69.default/zotero/storage/P2X4UA99/Fernandes - 2014 - Proposta de fundamentacao teorica para o problema do entendimento humano.pdf:application/pdf}
}

@techreport{lima-marques_proposta_2013,
  address = {Bras{\'\i}lia, DF},
  type = {Technical Report},
  title = {{Proposta de modelo: gest{\~a}o de documentos da UnB}},
  language = {pt},
  timestamp = {2017-01-08T11:43:12Z},
  urldate = {2015-09-06},
  url = {http://repositorio.unb.br/handle/10482/14850},
  institution = {Centro de Pesquisa em Arquitetura da Informa{\c c}{\~a}o, Universidade de Bras{\'\i}lia},
  author = {Lima-Marques, Mamede},
  month = dec,
  year = {2013},
  file = {Lima-Marques - 2013 - Proposta de modelo.pdf:/home/bruno/.zotero/zotero/8e1jsc69.default/zotero/storage/PWAH9WJ7/Lima-Marques - 2013 - Proposta de modelo.pdf:application/pdf}
}

@phdthesis{nascimento_protecao_2010,
  address = {Bras{\'\i}lia, DF},
  type = {Disserta{\c c}{\~a}o / Dissertation},
  title = {{Prote{\c c}{\~a}o ao conhecimento: uma proposta de fundamenta{\c c}{\~a}o te{\'o}rica}},
  shorttitle = {{Prote{\c c}{\~a}o ao conhecimento}},
  language = {por},
  timestamp = {2016-12-12T22:41:10Z},
  urldate = {2016-05-31},
  url = {http://repositorio.unb.br/handle/10482/5286},
  school = {Universidade de Bras{\'\i}lia},
  author = {do Nascimento, Marta Sianes Oliveira},
  collaborator = {Lima-Marques, Mamede},
  month = jul,
  year = {2010},
  note = {Orientador: Mamede Lima-Marques},
  file = {Nascimento - 2010 - Protecao ao conhecimento.pdf:/home/bruno/.zotero/zotero/8e1jsc69.default/zotero/storage/4RJTHNHJ/Nascimento - 2010 - Protecao ao conhecimento.pdf:application/pdf}
}

@misc{fernandes_requisitos_2014,
  title = {Requisitos de {{Software}}: Uma Abordagem Epid{\^e}mica},
  timestamp = {2017-01-08T11:42:32Z},
  author = {Fernandes, Gilberto L.},
  year = {2014}
}

@phdthesis{nort_rotulos_2014,
  address = {Bras{\'\i}lia},
  type = {Monografia de Aperfei{\c c}oamento/Especializa{\c c}{\~a}o em Bacharelado em Filosofia},
  title = {{R{\'o}tulos de argumentos: defini{\c c}{\~a}o e an{\'a}lise a partir do argumento das fal{\'a}cias informais}},
  language = {pt},
  timestamp = {2017-01-08T11:41:35Z},
  urldate = {2016-12-12},
  url = {http://bdm.unb.br/handle/10483/7506},
  school = {Universidade de Bras{\'\i}lia},
  author = {Nort, Albertina Eleane},
  collaborator = {Gorsky, Samir Bezerra},
  year = {2014},
  note = {Orientador: Samir Bezerra Gorsky},
  file = {Nort - 2014 - Rotulos de argumentos.pdf:/home/bruno/.zotero/zotero/8e1jsc69.default/zotero/storage/T35WHIHN/Nort - 2014 - Rotulos de argumentos.pdf:application/pdf}
}

@phdthesis{marciano_segurancda_2009,
  address = {Bras{\'\i}lia, DF},
  type = {Tese / Thesis},
  title = {{Seguran{\c c}a da informa{\c c}{\~a}o: uma abordagem social}},
  shorttitle = {{Seguran{\c c}a da informa{\c c}{\~a}o}},
  language = {por},
  timestamp = {2016-12-12T22:35:10Z},
  urldate = {2016-05-31},
  url = {http://repositorio.unb.br/handle/10482/1943},
  school = {Universidade de Bras{\'\i}lia},
  author = {Marciano, Jo{\~a}o Luiz Pereira},
  collaborator = {Lima-Marques, Mamede},
  month = oct,
  year = {2009},
  note = {Orientador: Mamede Lima-Marques},
  file = {Marciano - 2009 - Seguranca da informacao.pdf:/home/bruno/.zotero/zotero/8e1jsc69.default/zotero/storage/HMUWE26Z/Marciano - 2009 - Seguranca da informacao.pdf:application/pdf}
}

@inproceedings{fernandes_sobre_2013,
  address = {Porto, Portugal},
  title = {{Sobre a natureza da Informa{\c c}{\~a}o, dado e conhecimento}},
  copyright = {Os autores que submetem a esta confer{\^e}ncia concordam com os seguintes termos:  a) Os autores ret{\^e}m direitos autorais sobre seu trabalho, ao permitir {\`a} confer{\^e}ncia colocar este trabalho in{\'e}dito sob uma~ Licen{\c c}a de Atribui{\c c}{\~a}o Creative Commons, que permite outros livremente aceder, usar, e compartilhar o trabalho, com um reconhecimento da autoria do trabalho e sua apresenta{\c c}{\~a}o inicial nesta confer{\^e}ncia.  b) Os autores podem p{\^o}r de parte os termos da licen{\c c}a de CC e~fazer em separado, arranjos contratuais adicionais para a distribui{\c c}{\~a}o n{\~a}o exclusiva e publica{\c c}{\~a}o subseq{\"u}ente deste trabalho (por exemplo, publicar uma vers{\~a}o revisada num di{\'a}rio, coloc{\'a}-lo~em um reposit{\'o}rio institucional ou public{\'a}-lo num livro), com um reconhecimento de sua apresenta{\c c}{\~a}o inicial nesta confer{\^e}ncia.  c) Al{\'e}m do mais, autores s{\~a}o encorajados colocar e compartilhar seu trabalho on-line (por exemplo, em reposit{\'o}rios institucionais ou em seu website) em qualquer ponto antes de e depois da confer{\^e}ncia.},
  language = {pt},
  timestamp = {2017-01-08T11:43:30Z},
  urldate = {2016-05-31},
  url = {http://ocs.letras.up.pt/index.php/EDICIC/edicic2013/paper/view/496},
  booktitle = {{VI Encontro Ib{\'e}rico EDICIC 2013}},
  author = {Fernandes, Gilberto Louren{\c c}o and Lima-Marques, Mamede},
  month = mar,
  year = {2013}
}

@article{brelaz_sobre_2012,
  title = {{Sobre a possibilidade de uma Arquitetura de Informa{\c c}{\~a}o qu{\^a}ntica}},
  volume = {5},
  issn = {1983-5213},
  language = {Portugu{\^e}s},
  timestamp = {2017-01-08T11:44:42Z},
  number = {2},
  journal = {Revista Ibero-Americana de Ci{\^e}ncia da Informa{\c c}{\~a}o},
  author = {Brelaz, Achilles and Lima-Marques, Mamede},
  year = {2012}
}

@article{albuquerque_sobre_2011,
  title = {Sobre Os Fundamentos Da Arquitetura Da Informa{\c c}{\~a}o},
  issn = {2236-417X},
  timestamp = {2017-01-08T11:45:28Z},
  number = {1},
  urldate = {2016-05-31},
  url = {https://dialnet.unirioja.es/servlet/articulo?codigo=3752637},
  journal = {Perspectivas em Gest{\~a}o \& Conhecimento},
  author = {de Albuquerque, Alfram Roberto Rodrigues and Lima-Marques, Mamede},
  year = {2011},
  keywords = {análise formal de conceitos,Arquitetura da informação,Epistemologia,Teoria das Categorias},
  pages = {60--72},
  file = {Albuquerque\; Lima-Marques - 2011 - Sobre os fundamentos da arquitetura da informacao.pdf:/home/bruno/.zotero/zotero/8e1jsc69.default/zotero/storage/DFC5558T/Albuquerque\; Lima-Marques - 2011 - Sobre os fundamentos da arquitetura da informacao.pdf:application/pdf}
}

@phdthesis{neves_junior_sobre_2013,
  address = {Bras{\'\i}lia, DF},
  type = {Doutorado},
  title = {{Sobre uma arquitetura da informa{\c c}{\~a}o do governo brasileiro: AIGov-BR}},
  shorttitle = {{Sobre uma arquitetura da informa{\c c}{\~a}o do governo brasileiro}},
  language = {por},
  timestamp = {2016-12-12T22:36:09Z},
  urldate = {2015-10-19},
  url = {http://repositorio.unb.br/handle/10482/14522},
  school = {Universidade de Bras{\'\i}lia},
  author = {Neves J{\'u}nior, Odilon},
  collaborator = {Lima-Marques, Mamede},
  month = nov,
  year = {2013},
  note = {Orientador: Mamede Lima-Marques},
  file = {Neves Junior - 2013 - Sobre uma arquitetura da informacao do governo brasileiro.pdf:/home/bruno/.zotero/zotero/8e1jsc69.default/zotero/storage/4BBCX52M/Neves Junior - 2013 - Sobre uma arquitetura da informacao do governo brasileiro.pdf:application/pdf}
}

@incollection{carnielli_society_2016,
  address = {Paris},
  edition = {1},
  title = {Society Semantics and the Logic Way to Collective Intelligence},
  language = {en},
  timestamp = {2017-01-08T11:38:36Z},
  booktitle = {Logical Reasoning and Computation: Essays Dedicated to {{Luis Fari{\~n}as Del Cerro}}},
  author = {Carnielli, Walter Alexandre and Lima-Marques, Mamede},
  editor = {Cabalar, Pedro and Di{\'e}guez, Mart{\'\i}n and Herzig, Andreas and Pearce, David},
  month = mar,
  year = {2016},
  pages = {139--147},
  file = {Carnielli\; Lima-Marques - 2016 - Society semantics and the logic way to collective intelligence.pdf:/home/bruno/.zotero/zotero/8e1jsc69.default/zotero/storage/SQMVQRKX/Carnielli\; Lima-Marques - 2016 - Society semantics and the logic way to collective intelligence.pdf:application/pdf}
}

@inproceedings{pereira_junior_genesis_2012,
  address = {La Jolla, CA},
  title = {The Genesis of Information in the Phenomenological Epoche},
  timestamp = {2017-01-08T11:44:14Z},
  booktitle = {14th {{Annual International Conference}} of the {{Society}} for {{Phenomenology}} and {{Media}}, 2012 - {{Proceedings}} of {{SocPhenMedia}} 2012},
  author = {Pereira J{\'u}nior, Romualdo and Lima-Marques, Mamede},
  year = {2012}
}

@article{jr_virtual_2011,
  title = {The Virtual School Project for the {{Brazilian Space Program}}},
  issn = {2340-1117},
  timestamp = {2017-01-08T11:45:01Z},
  urldate = {2016-05-31},
  url = {https://library.iated.org/view/ALVESPEREIRAJR2011VIR},
  journal = {EDULEARN11 Proceedings},
  author = {Jr, R. Alves Pereira and Ten{\'o}rio, M. F. da Mota and Lima-Marques, M. and Nascimento, E.},
  year = {2011},
  pages = {1--10}
}

@phdthesis{duarte_uma_2011,
  address = {Bras{\'\i}lia, DF},
  type = {Tese (Doutorado em Ci{\^e}ncia da Informa{\c c}{\~a}o)},
  title = {{Uma arquitetura {\'a}gil da informa{\c c}{\~a}o organizacional}},
  language = {pt},
  timestamp = {2016-12-12T22:27:01Z},
  urldate = {2015-11-10},
  url = {http://repositorio.unb.br/handle/10482/9817},
  school = {Universidade de Bras{\'\i}lia, Faculdade de Ci{\^e}ncia da Informa{\c c}{\~a}o},
  author = {Duarte, Jorge Cordeiro},
  collaborator = {Lima-Marques, Mamede},
  month = may,
  year = {2011},
  note = {Orientador: Mamede Lima-Marques},
  keywords = {Arquitetura da informação},
  file = {Duarte - 2011 - Uma arquitetura agil da informacao organizacional.pdf:/home/bruno/.zotero/zotero/8e1jsc69.default/zotero/storage/6ZMR95CZ/Duarte - 2011 - Uma arquitetura agil da informacao organizacional.pdf:application/pdf}
}

@inproceedings{passos_uma_2015,
  title = {Uma Discuss{\~a}o Sobre o Objeto Do Design Da Informa{\c c}{\~a}o},
  isbn = {978-85-8039-122-0},
  doi = {10.5151/designpro-CIDI2015-cidi_152},
  timestamp = {2017-01-08T11:40:32Z},
  urldate = {2016-05-31},
  url = {http://www.proceedings.blucher.com.br/article-details/20278},
  publisher = {{Editora Edgard Bl{\"u}cher}},
  author = {Passos, Ravi and Mealha, {\'O}scar and Lima-Marques, Mamede},
  month = sep,
  year = {2015},
  pages = {1007--1018},
  file = {Passos et al - 2015 - Uma discussao sobre o objeto do design da informacao.pdf:/home/bruno/.zotero/zotero/8e1jsc69.default/zotero/storage/TZIWMRBV/Passos et al - 2015 - Uma discussao sobre o objeto do design da informacao.pdf:application/pdf}
}

@phdthesis{araujo_uma_2016,
  address = {Bras{\'\i}lia, DF},
  type = {Tese / Thesis},
  title = {{Uma linguagem para formaliza{\c c}{\~a}o de discursos com base em ontologias}},
  copyright = {A concess{\~a}o da licen{\c c}a deste item refere-se ao termo de autoriza{\c c}{\~a}o impresso assinado pelo autor com as seguintes condi{\c c}{\~o}es: Na qualidade de titular dos direitos de autor da publica{\c c}{\~a}o, autorizo a Universidade de Bras{\'\i}lia e o IBICT a disponibilizar por meio dos sites www.bce.unb.br, www.ibict.br, http://hercules.vtls.com/cgi-bin/ndltd/chameleon?lng=pt\&skin=ndltd sem ressarcimento dos direitos autorais, de acordo com a Lei n\textordmasculine{} 9610/98, o texto integral da obra disponibilizada, conforme permiss{\~o}es assinaladas, para fins de leitura, impress{\~a}o e/ou download, a t{\'\i}tulo de divulga{\c c}{\~a}o da produ{\c c}{\~a}o cient{\'\i}fica brasileira, a partir desta data.},
  shorttitle = {{Uma linguagem para formaliza{\c c}{\~a}o de discursos com base em ontologias}},
  language = {por},
  timestamp = {2016-12-12T22:07:52Z},
  urldate = {2016-05-31},
  url = {http://repositorio.unb.br/handle/10482/19319},
  school = {Universidade de Bras{\'\i}lia},
  author = {Araujo, Lauro C{\'e}sar},
  month = jan,
  year = {2016},
  note = {Orientador: Mamede Lima-Marques},
  file = {Araujo - 2016 - Uma linguagem para formalizacao de discursos com base em ontologias.pdf:/home/bruno/.zotero/zotero/8e1jsc69.default/zotero/storage/XR82ISCA/Araujo - 2016 - Uma linguagem para formalizacao de discursos com base em ontologias.pdf:application/pdf}
}

@phdthesis{oliveira_uma_2012,
  address = {Bras{\'\i}lia, DF},
  type = {Tese (Doutorado em Ci{\^e}ncia da Informa{\c c}{\~a}o)},
  title = {{Uma proposta de arquitetura da informa{\c c}{\~a}o para o processo de inova{\c c}{\~a}o em centros de pesquisa}},
  language = {por},
  timestamp = {2016-12-12T22:36:37Z},
  urldate = {2015-11-10},
  url = {http://repositorio.unb.br/handle/10482/10918},
  school = {Universidade de Bras{\'\i}lia, Faculdade de Ci{\^e}ncia da Informa{\c c}{\~a}o},
  author = {de Oliveira, Carlson Batista},
  collaborator = {Lima-Marques, Mamede},
  month = jul,
  year = {2012},
  note = {Orientador: Mamede Lima-Marques},
  file = {Oliveira - 2012 - Uma proposta de arquitetura da informacao para o processo de inovacao em.pdf:/home/bruno/.zotero/zotero/8e1jsc69.default/zotero/storage/WHFQ298X/Oliveira - 2012 - Uma proposta de arquitetura da informacao para o processo de inovacao em.pdf:application/pdf}
}

@phdthesis{pereira_junior_uma_2012,
  type = {Doutorado},
  title = {Uma Proposta de Arquitetura Gen{\'e}tica Da Informa{\c c}{\~a}o},
  timestamp = {2016-12-12T22:18:11Z},
  url = {http://repositorio.unb.br/handle/10482/12910},
  school = {Universidade de Bras$\backslash${\'\i}lia (UnB)},
  author = {Pereira J{\'u}nior, Romualdo A.},
  collaborator = {Lima-Marques, Mamede},
  month = dec,
  year = {2012},
  note = {Orientador: Mamede Lima-Marques},
  keywords = {Arquitetura da informação},
  file = {Pereira Junior - 2012 - Uma proposta de arquitetura genetica da informacao.pdf:/home/bruno/.zotero/zotero/8e1jsc69.default/zotero/storage/NCXGQ84Q/Pereira Junior - 2012 - Uma proposta de arquitetura genetica da informacao.pdf:application/pdf;Staff View\: Uma proposta de arquitetura genética da informação:/home/bruno/.zotero/zotero/8e1jsc69.default/zotero/storage/IVDGU985/Details.html:text/html}
}

@phdthesis{santos_um_2010,
  address = {Bras{\'\i}lia, DF},
  type = {Disserta{\c c}{\~a}o / Dissertation},
  title = {{Um arcabou{\c c}o te{\'o}rico para autoria de documentos visando atenuar o surgimento do fen{\^o}nemo da ambiguidade}},
  language = {por},
  timestamp = {2016-12-12T22:18:36Z},
  urldate = {2016-05-31},
  url = {http://repositorio.unb.br/handle/10482/5536},
  school = {Universidade de Bras{\'\i}lia},
  author = {dos Santos, Daniel Parente Lemos},
  collaborator = {Lima-Marques, Mamede},
  month = sep,
  year = {2010},
  note = {Orientador: Mamede Lima-Marques},
  file = {Santos - 2010 - Um arcabouco teorico para autoria de documentos visando atenuar o surgimento do.pdf:/home/bruno/.zotero/zotero/8e1jsc69.default/zotero/storage/UH696J48/Santos - 2010 - Um arcabouco teorico para autoria de documentos visando atenuar o surgimento do.pdf:application/pdf}
}

@phdthesis{costa_um_2010,
  address = {Bras{\'\i}lia},
  type = {Disserta{\c c}{\~a}o (Mestrado em Ci{\^e}ncias da Informa{\c c}{\~a}o e Documenta{\c c}{\~a}o)},
  title = {{Um m{\'e}todo para Arquitetura da Informa{\c c}{\~a}o: fenomenologia como base para o desenvolvimento de arquiteturas da informa{\c c}{\~a}o aplicadas}},
  language = {pt},
  timestamp = {2016-12-12T22:26:11Z},
  urldate = {2015-11-10},
  url = {http://repositorio.unb.br/handle/10482/7087},
  school = {Universidade de Bras{\'\i}lia, Faculdade de Ci{\^e}ncia da Informa{\c c}{\~a}o},
  author = {Costa, Ismael M.},
  collaborator = {Lima-Marques, Mamede},
  month = mar,
  year = {2010},
  note = {Orientador: Mamede Lima-Marques},
  keywords = {Arquitetura da informação},
  file = {Costa - 2010 - Um metodo para Arquitetura da Informacao.pdf:/home/bruno/.zotero/zotero/8e1jsc69.default/zotero/storage/K9NKMAEK/Costa - 2010 - Um metodo para Arquitetura da Informacao.pdf:application/pdf}
}

@phdthesis{filho_um_2014,
  address = {Bras{\'\i}lia},
  type = {Disserta{\c c}{\~a}o (Mestrado em Ci{\^e}ncia da Informa{\c c}{\~a}o)},
  title = {{Um modelo de arquitetura da informa{\c c}{\~a}o orientado a servi{\c c}os}},
  language = {pt},
  timestamp = {2016-12-12T22:28:37Z},
  urldate = {2015-11-10},
  url = {http://repositorio.unb.br/handle/10482/16614},
  school = {Universidade de Bras{\'\i}lia},
  author = {Filho, Paulo Argolo da Cruz Rios},
  collaborator = {Lima-Marques, Mamede},
  year = {2014},
  note = {Orientador: Mamede Lima-Marques},
  file = {Filho - 2014 - Um modelo de arquitetura da informacao orientado a servicos.pdf:/home/bruno/.zotero/zotero/8e1jsc69.default/zotero/storage/5NXDQ74I/Filho - 2014 - Um modelo de arquitetura da informacao orientado a servicos.pdf:application/pdf}
}

@phdthesis{melo_um_2011,
  address = {Bras{\'\i}lia, DF},
  type = {Disserta{\c c}{\~a}o (Mestrado em Ci{\^e}ncia da Informa{\c c}{\~a}o)},
  title = {{Um modelo de Arquitetura da Informa{\c c}{\~a}o para processos de investiga{\c c}{\~a}o cient{\'\i}fica}},
  language = {por},
  timestamp = {2016-12-12T22:16:13Z},
  urldate = {2015-11-10},
  url = {http://repositorio.unb.br/handle/10482/7490},
  school = {Universidade de Bras{\'\i}lia, Faculdade de Ci{\^e}ncia da Informa{\c c}{\~a}o},
  author = {de Melo, Alberto Magno Carvalho},
  collaborator = {Lima-Marques, Mamede},
  month = apr,
  year = {2011},
  note = {Orientador: Mamede Lima-Marques},
  file = {Melo - 2011 - Um modelo de Arquitetura da Informacao para processos de investigacao cientifica.pdf:/home/bruno/.zotero/zotero/8e1jsc69.default/zotero/storage/TP2RTFZE/Melo - 2011 - Um modelo de Arquitetura da Informacao para processos de investigacao cientifica.pdf:application/pdf}
}

@phdthesis{azevedo_um_2014,
  address = {Bras{\'\i}lia, DF},
  type = {Mestrado em Ci{\^e}ncia da Informa{\c c}{\~a}o},
  title = {{Um modelo ontol{\'o}gico do sistema eleitoral brasileiro}},
  language = {por},
  timestamp = {2016-12-12T22:12:58Z},
  urldate = {2015-11-10},
  url = {http://repositorio.unb.br/handle/10482/17303},
  school = {Universidade de Bras{\'\i}lia, Faculdade de Ci{\^e}ncia da Informa{\c c}{\~a}o},
  author = {Azevedo, Rafael Fernandes de Barros Costa},
  collaborator = {Lima-Marques, Mamede},
  month = dec,
  year = {2014},
  note = {Orientador: Mamede Lima-Marques},
  file = {Azevedo - 2014 - Um modelo ontologico do sistema eleitoral brasileiro.pdf:/home/bruno/.zotero/zotero/8e1jsc69.default/zotero/storage/33JHQ9MZ/Azevedo - 2014 - Um modelo ontologico do sistema eleitoral brasileiro.pdf:application/pdf}
}

@article{carnielli_razao_1991,
  title = {Raz{\~a}o e Irracionalidade Na Representa{\c c}{\~a}o Do Conhecimento},
  volume = {14},
  issn = {0101-3173},
  doi = {10.1590/S0101-31731991000100010},
  timestamp = {2016-11-28T12:13:30Z},
  urldate = {2016-11-28},
  url = {http://www.scielo.br/scielo.php?script=sci_abstract\&pid=S0101-31731991000100010\&lng=pt\&nrm=iso\&tlng=pt},
  journal = {Trans/Form/A{\c c}{\~a}o},
  author = {Carnielli, Walter A. and Marques, Mamede Lima},
  month = dec,
  year = {1991},
  pages = {165--177},
  file = {Carnielli\; Marques - 1991 - Razao e irracionalidade na representacao do conhecimento.pdf:/home/bruno/.zotero/zotero/8e1jsc69.default/zotero/storage/DPH8XVBK/Carnielli\; Marques - 1991 - Razao e irracionalidade na representacao do conhecimento.pdf:application/pdf}
}

@article{marciano_o_2007,
  title = {O Enfoque Social Da Seguran{\c c}a Da Informa{\c c}{\~a}o},
  volume = {2},
  issn = {1981-0695},
  timestamp = {2017-01-08T11:45:50Z},
  number = {1},
  urldate = {2016-11-28},
  url = {http://periodicos.ufpb.br/ojs/index.php/pbcib/article/view/8064},
  journal = {Pesquisa Brasileira em Ci{\^e}ncia da Informa{\c c}{\~a}o e Biblioteconomia},
  author = {Marciano, Jo{\~a}o Luiz Pereira and Lima-Marques, Mamede},
  month = jul,
  year = {2007},
  keywords = {Interação social,Políticas de segurança da informação,Segurança da informação},
  file = {Marciano\; Lima-Marques - 2007 - O enfoque social da seguranca da informacao.pdf:/home/bruno/.zotero/zotero/8e1jsc69.default/zotero/storage/UFR4PWCI/Marciano\; Lima-Marques - 2007 - O enfoque social da seguranca da informacao.pdf:application/pdf}
}

@techreport{souza_5_2015,
  address = {Bras{\'\i}lia, DF},
  type = {Relat{\'o}rio T{\'e}cnico},
  title = {{5\textordmasculine{} CAI - Col{\'o}quio de Arquitetura da Informa{\c c}{\~a}o}},
  language = {pt},
  timestamp = {2017-01-08T11:40:27Z},
  institution = {Centro de Pesquisa em Arquitetura da Informa{\c c}{\~a}o, Universidade de Bras{\'\i}lia},
  author = {Souza, Bruno Carvalho Castro and Lima-Marques, Mamede},
  year = {2015},
  pages = {45},
  file = {Souza\; Lima-Marques - 2015 - 5º CAI - Coloquio de Arquitetura da Informacao.pdf:/home/bruno/.zotero/zotero/8e1jsc69.default/zotero/storage/PKJMPZ2W/Souza\; Lima-Marques - 2015 - 5º CAI - Coloquio de Arquitetura da Informacao.pdf:application/pdf}
}

@techreport{souza_relatorio-sintese_2015,
  address = {Bras{\'I}lia, DF},
  type = {Relat{\'o}rio T{\'e}cnico},
  title = {{Relat{\'o}rio-S{\'\i}ntese CPAI 2012-2014}},
  language = {pt},
  timestamp = {2017-01-08T11:40:23Z},
  institution = {Centro de Pesquisa em Arquitetura da Informa{\c c}{\~a}o, Universidade de Bras{\'\i}lia},
  author = {Souza, Bruno Carvalho Castro and Lima-Marques, Mamede},
  year = {2015},
  pages = {40},
  file = {Souza\; Lima-Marques - 2015 - Relatorio-Sintese CPAI 2012-2014.pdf:/home/bruno/.zotero/zotero/8e1jsc69.default/zotero/storage/5QU2R4P5/Souza\; Lima-Marques - 2015 - Relatorio-Sintese CPAI 2012-2014.pdf:application/pdf}
}

@article{souza_big_2016,
  title = {{Big data fotogr{\'a}fico e o potencial de recupera{\c c}{\~a}o da informa{\c c}{\~a}o}},
  volume = {0},
  copyright = {Autores que publicam nesta revista:    Declaram-se autorizados pelos direitos de divulga{\c c}{\~a}o do material publicado, incluindo textos e imagens.  Declaram-se detentores dos direitos autorais do material por eles assinado.  Concedem {\`a} Revista Photo \&amp; Documento o direito de publica{\c c}{\~a}o e ampla difus{\~a}o, sob uma licen{\c c}a  Creative Commons BY-NC-ND 4.0 Internacional ,~que permite o compartilhamento do trabalho, sem finalidades comerciais e sem altera{\c c}{\~o}es.  T{\^e}m autoriza{\c c}{\~a}o para assumir contratos adicionais separadamente, inclusive comerciais, para distribui{\c c}{\~a}o n{\~a}o-exclusiva da vers{\~a}o do trabalho publicada nesta revista, desde que haja o reconhecimento da publica{\c c}{\~a}o anterior nesta revista, que continua a ter amplos direitos de uso e divulga{\c c}{\~a}o do material, nos termos da mencionada licen{\c c}a CC-BY-NC-ND 4.0, sem quaisquer {\^o}nus.  Comprometem-se a mencionar a publica{\c c}{\~a}o nesta revista, como fonte de refer{\^e}ncia original, em qualquer divulga{\c c}{\~a}o futura do trabalho.  Comprometem-se a mencionar a publica{\c c}{\~a}o nesta revista, como fonte de refer{\^e}ncia original, em eventuais adapta{\c c}{\~o}es e aprimoramentos futuros do trabalho.  T{\^e}m permiss{\~a}o e s{\~a}o estimulados a publicar e distribuir livremente c{\'o}pias de seu trabalho, indicando sempre a publica{\c c}{\~a}o nesta revista como fonte de refer{\^e}ncia original.     Mant{\^e}m, em qualquer hip{\'o}tese, seus direitos autorais inalien{\'a}veis.},
  issn = {2248-1947},
  language = {pt},
  timestamp = {2017-01-08T11:37:24Z},
  number = {2},
  urldate = {2016-11-23},
  url = {http://gpaf.info/photoarch/index.php?journal=phd\&page=article\&op=view\&path\%5B\%5D=91},
  journal = {Revista Photo \& Documento},
  author = {Souza, Bruno Carvalho Castro},
  month = nov,
  year = {2016},
  pages = {5},
  file = {Souza - 2016 - Big data fotografico e o potencial de recuperacao da informacao.pdf:/home/bruno/.zotero/zotero/8e1jsc69.default/zotero/storage/HT99DC4N/Souza - 2016 - Big data fotografico e o potencial de recuperacao da informacao.pdf:application/pdf}
}

@inproceedings{souza_projetos_2016,
  address = {Bras{\'\i}lia},
  title = {{Projetos CPAI: vis{\~a}o geral 2016/2017}},
  copyright = {Autores que submetem a esta confer{\^e}ncia concordam com os seguintes termos:   a)  Autores mant{\'e}m os direitos autorais sobre o trabalho, permitindo {\`a} confer{\^e}ncia coloc{\'a}-lo sob uma licen{\c c}a  Licen{\c c}a Creative Commons Attribution , que permite livremente a outros acessar, usar e compartilhar o trabalho com o cr{\'e}dito de autoria e apresenta{\c c}{\~a}o inicial nesta confer{\^e}ncia.   b)  Autores podem abrir m{\~a}o dos termos da licen{\c c}a CC e definir contratos adicionais para a distribui{\c c}{\~a}o n{\~a}o-exclusiva e subseq{\"u}ente publica{\c c}{\~a}o deste trabalho (ex.: publicar uma vers{\~a}o atualizada em um peri{\'o}dico, disponibilizar em reposit{\'o}rio institucional, ou public{\'a}-lo em livro), com o cr{\'e}dito de autoria e apresenta{\c c}{\~a}o inicial nesta confer{\^e}ncia.   c)  Al{\'e}m disso, autores s{\~a}o incentivados a publicar e compartilhar seus trabalhos online (ex.:  em reposit{\'o}rio institucional ou em sua p{\'a}gina pessoal) a qualquer momento antes e depois da confer{\^e}ncia.},
  shorttitle = {{Projetos CPAI}},
  language = {pt},
  timestamp = {2017-01-08T11:46:39Z},
  urldate = {2016-04-27},
  url = {http://eventos.cpai.unb.br/index.php/6cai2016/6cai2016/paper/view/12},
  booktitle = {{6\textordmasculine{} Col{\'o}quio de Arquitetura da Informa{\c c}{\~a}o}},
  publisher = {{CPAI}},
  author = {Souza, Bruno Carvalho Castro},
  month = apr,
  year = {2016}
}

@incollection{macedo_arquitetura_2006,
  address = {Bras{\'\i}lia, DF},
  edition = {1},
  title = {{Arquitetura da informa{\c c}{\~a}o: base para a gest{\~a}o do conhecimento}},
  isbn = {85-7652-063-X},
  language = {pt},
  timestamp = {2017-01-08T11:46:01Z},
  booktitle = {{Intelig{\^e}ncia, informa{\c c}{\~a}o e conhecimento em corpora{\c c}{\~o}es}},
  publisher = {{IBICT, UNESCO}},
  author = {de Macedo, Fl{\'a}via Lacerda Oliveira and Lima-Marques, Mamede},
  editor = {Tarapanoff, Kira},
  year = {2006},
  pages = {241--255}
}

@phdthesis{macedo_arquitetura_2005,
  address = {Bras{\'\i}lia},
  type = {Disserta{\c c}{\~a}o (Mestrado)},
  title = {{Arquitetura da informa{\c c}{\~a}o: aspectos epistemol{\'o}gicos, cient{\'\i}ficos e pr{\'a}ticos}},
  language = {pt},
  timestamp = {2017-03-02T05:05:52Z},
  urldate = {2016-06-23},
  url = {https://www.academia.edu/attachments/30520620/download_file?st=MTQ4ODQzMTExMywxODkuNzMuMjU0LjE0MSw1NDMzMjkz\&s=swp-toolbar},
  school = {Universidade de Bras{\'\i}lia},
  author = {de Macedo, Fl{\'a}via Lacerda Oliveira},
  collaborator = {Lima-Marques, Mamede},
  year = {2005},
  note = {Orientador: Mamede Lima-Marques},
  keywords = {Arquitetura da informação},
  file = {Macedo - 2005 - Arquitetura da informacao.pdf:/home/bruno/.zotero/zotero/8e1jsc69.default/zotero/storage/JUUJWHVB/Macedo - 2005 - Arquitetura da informacao.pdf:application/pdf}
}

@misc{nascimento_ontologia_2007,
  type = {Artigo / Article},
  title = {{A ontologia na Ci{\^e}ncia da Informa{\c c}{\~a}o}},
  language = {por},
  timestamp = {2017-01-08T11:45:40Z},
  urldate = {2016-12-12},
  url = {http://repositorio.unb.br/handle/10482/13057},
  author = {do Nascimento, Marta Sianes Oliveira and Oliveira, Geovane Eug{\^e}nio and Bastos, Geraldino Gon{\c c}alves and Moreno, Fernanda Passini},
  month = jul,
  year = {2007},
  file = {Nascimento et al - 2007 - A ontologia na Ciencia da Informacao.pdf:/home/bruno/.zotero/zotero/8e1jsc69.default/zotero/storage/NTGNEVS9/Nascimento et al - 2007 - A ontologia na Ciencia da Informacao.pdf:application/pdf}
}

@phdthesis{brelaz_discurso_2015,
  address = {Bras{\'\i}lia, DF},
  type = {Disserta{\c c}{\~a}o (Mestrado em Ci{\^e}ncia da Informa{\c c}{\~a}o)},
  title = {{Discurso sobre uma fundamenta{\c c}{\~a}o ontol{\'o}gica da informa{\c c}{\~a}o}},
  language = {por},
  timestamp = {2016-12-12T22:50:15Z},
  urldate = {2016-12-12},
  url = {http://repositorio.unb.br/handle/10482/18307},
  school = {Univesidade de Bras{\'\i}lia},
  author = {Brelaz, Achilles P.},
  collaborator = {Lima-Marques, Mamede},
  month = jun,
  year = {2015},
  note = {Orientador: Mamede Lima-Marques},
  file = {Brelaz - 2015 - Discurso sobre uma fundamentacao ontologica da informacao.pdf:/home/bruno/.zotero/zotero/8e1jsc69.default/zotero/storage/GT6BZEJ8/Brelaz - 2015 - Discurso sobre uma fundamentacao ontologica da informacao.pdf:application/pdf}
}

@article{lacerda_information_2017,
  title = {Information Ecosystems: {{New}} Paradigm for {{Information Architecture}}},
  volume = {29},
  issn = {0103-3786},
  shorttitle = {Information Ecosystems},
  doi = {10.1590/2318-08892017000100008},
  timestamp = {2017-04-01T10:45:35Z},
  number = {1},
  urldate = {2017-04-01},
  url = {http://www.scielo.br/scielo.php?script=sci_abstract\&pid=S0103-37862017000100081\&lng=en\&nrm=iso\&tlng=pt},
  journal = {Transinforma{\c c}{\~a}o},
  author = {Lacerda, Flavia and Lima-Marques, Mamede and Lacerda, Flavia and Lima-Marques, Mamede},
  month = apr,
  year = {2017},
  note = {00000},
  pages = {81--90},
  file = {Lacerda et al - 2017 - Information ecosystems.pdf:/home/bruno/.zotero/zotero/8e1jsc69.default/zotero/storage/AXNDNRES/Lacerda et al - 2017 - Information ecosystems.pdf:application/pdf}
}

@article{araujo_configuracao_2017,
  title = {{Configura{\c c}{\~a}o da Informa{\c c}{\~a}o?}},
  volume = {21},
  copyright = {Direitos autorais 2017 Informa{\c c}{\~a}o \& Informa{\c c}{\~a}o},
  issn = {1981-8920},
  doi = {10.5433/1981-8920.2016v21n3p327},
  language = {pt},
  timestamp = {2017-04-17T12:34:28Z},
  number = {3},
  urldate = {2017-04-17},
  url = {http://www.uel.br/revistas/uel/index.php/informacao/article/view/23187},
  journal = {Informa{\c c}{\~a}o \& Informa{\c c}{\~a}o},
  author = {Araujo, Lauro Cesar and Lima-Marques, Mamede},
  month = apr,
  year = {2017},
  keywords = {Arquitetura da informação,Configuração,Configuração da informação,Gerência de configuração},
  pages = {327--360},
  file = {Araujo\; Lima-Marques - 2017 - Configuracao da Informacao.pdf:/home/bruno/.zotero/zotero/8e1jsc69.default/zotero/storage/NUUPUFW8/Araujo\; Lima-Marques - 2017 - Configuracao da Informacao.pdf:application/pdf}
}

@inproceedings{fernandes_consideracoes_2013-1,
  address = {Porto, Portugal},
  title = {{Considera{\c c}{\~o}es sobre a abrang{\^e}ncia disciplinar da Ci{\^e}ncia da Informa{\c c}{\~a}o}},
  isbn = {978-989-8648-10-5},
  language = {pt},
  timestamp = {2017-05-16T15:20:12Z},
  urldate = {2017-05-16},
  url = {http://www.youblisher.com/p/749221-I-\%0020Congresso-ISKO-Espanha-e-Portugal-XI-Congreso-ISKO-Espana/},
  booktitle = {{Informa{\c c}{\~a}o e/ou Conhecimento: as duas faces de Jano}},
  publisher = {{Faculdade de Letras da Universidade do Porto}},
  author = {Fernandes, Gilberto Louren{\c c}o and Lima-Marques, Mamede},
  year = {2013}
}

@article{costa_maia_2017,
  title = {{MAIA - M{\'e}todo de Arquitetura da Informa{\c c}{\~a}o Aplicada}},
  volume = {22},
  copyright = {Direitos autorais 2017 Informa{\c c}{\~a}o \& Informa{\c c}{\~a}o},
  issn = {1981-8920},
  doi = {10.5433/1981-8920.2017v22n1p60},
  language = {pt},
  timestamp = {2017-06-20T02:08:05Z},
  number = {1},
  urldate = {2017-06-20},
  url = {http://www.uel.br/revistas/uel/index.php/informacao/article/view/24008},
  journal = {Informa{\c c}{\~a}o \& Informa{\c c}{\~a}o},
  author = {Costa, Ismael de Moura and Lima-Marques, Mamede},
  month = jun,
  year = {2017},
  note = {00000},
  keywords = {Arquitetura da informação,Ciência da Informação,Métodos de Pesquisa.,Modelos de Recuperação da Informação,Ontologias},
  pages = {60--87},
  file = {Costa\; Lima-Marques - 2017 - MAIA - Metodo de Arquitetura da Informacao Aplicada.pdf:/home/bruno/.zotero/zotero/8e1jsc69.default/zotero/storage/KJN6REFW/Costa\; Lima-Marques - 2017 - MAIA - Metodo de Arquitetura da Informacao Aplicada.pdf:application/pdf}
}

@article{araujo_ontoprolog:_2017,
  title = {{Ontoprolog: uma linguagem para especifica{\c c}{\~a}o de discursos sobre ontologias}},
  volume = {22},
  copyright = {Direitos autorais 2017 Perspectivas em Ci{\^e}ncia da Informa{\c c}{\~a}o},
  issn = {19815344},
  shorttitle = {{Ontoprolog}},
  language = {pt},
  timestamp = {2017-07-05T16:00:41Z},
  number = {2},
  urldate = {2017-07-05},
  url = {http://portaldeperiodicos.eci.ufmg.br/index.php/pci/article/view/2532},
  journal = {Perspectivas em Ci{\^e}ncia da Informa{\c c}{\~a}o},
  author = {Araujo, Lauro C{\'e}sar and Lima-Marques, Mamede},
  month = jun,
  year = {2017},
  note = {00000},
  keywords = {Unified Foundation Ontology. Lógica Clássica. Lógica não Clássica. Programação em Lógica},
  pages = {188--210},
  file = {Araujo\; Lima-Marques - 2017 - Ontoprolog.pdf:/home/bruno/.zotero/zotero/8e1jsc69.default/zotero/storage/J4CMTWJ2/Araujo\; Lima-Marques - 2017 - Ontoprolog.pdf:application/pdf}
}


